<?xml version="1.0" encoding="UTF-8"?><collection xmlns="http://www.loc.gov/MARC21/slim"><record><leader>00613nam--2200205-i-4500</leader><controlfield tag="001">000040983</controlfield><controlfield tag="002">20161230</controlfield><controlfield tag="005">20170129010313</controlfield><controlfield tag="008">060222s1000------------r-----000-0-eng-d</controlfield><datafield ind1=" " ind2=" " tag="040"><subfield code="a">IFIN-HH</subfield></datafield><datafield ind1=" " ind2=" " tag="080"><subfield code="a">535</subfield></datafield><datafield ind1="1" ind2=" " tag="100"><subfield code="a">Mandel, L</subfield></datafield><datafield ind1="1" ind2="0" tag="245"><subfield code="a">Selected papers on coherence and fluctuations of light. With bibliography</subfield><subfield code="c">L. Mandel, E. Wolf (Eds.)</subfield></datafield><datafield ind1=" " ind2=" " tag="260"><subfield code="a">New York</subfield><subfield code="b">Dover Publications, Inc</subfield><subfield code="c">1970</subfield></datafield><datafield ind1=" " ind2=" " tag="300"><subfield code="a">2 volume</subfield></datafield><datafield ind1=" " ind2=" " tag="490"><subfield code="a">Dover Books On Physics And Mathematical Physics</subfield></datafield><datafield ind1="1" ind2=" " tag="700"><subfield code="a">Wolf, E</subfield><subfield code="e">Ed</subfield></datafield><datafield ind1="0" ind2=" " tag="787"><subfield code="a">Vol. II</subfield><subfield code="h">/438 p./912 p</subfield></datafield><datafield ind1=" " ind2=" " tag="852"><subfield code="a">37814</subfield><subfield code="c">535</subfield></datafield><datafield ind1=" " ind2=" " tag="CAT"><subfield code="a">SYS</subfield><subfield code="c">20170129</subfield><subfield code="h">010313</subfield></datafield></record></collection>